


@article{raimbault2019space,
  title={Space Matters: Extending Sensitivity Analysis to Initial Spatial Conditions in Geosimulation Models.},
  author={Raimbault, Juste and Cottineau, Cl{\'e}mentine and Le Texier, Marion and Le N{\'e}chet, Florent and Reuillon, Romain},
  journal={Journal of Artificial Societies \& Social Simulation},
  volume={22},
  number={4},
  year={2019}
}


@phdthesis{schmitt2014modelisation,
  title={Mod{\'e}lisation de la dynamique des syst{\`e}mes de peuplement: de SimpopLocal {\`a} SimpopNet},
  author={Schmitt, Clara},
  year={2014},
  school={Universit{\'e} Panth{\'e}on-Sorbonne-Paris I}
}


@article{sanders1997simpop,
  title={SIMPOP: a multiagent system for the study of urbanism},
  author={Sanders, Lena and Pumain, Denise and Mathian, H{\'e}l{\`e}ne and Gu{\'e}rin-Pace, France and Bura, St{\'e}phane},
  journal={Environment and Planning B: Planning and design},
  volume={24},
  number={2},
  pages={287--305},
  year={1997},
  publisher={SAGE Publications Sage UK: London, England}
}

@article{hidalgo2007product,
  title={The product space conditions the development of nations},
  author={Hidalgo, C{\'e}sar A and Klinger, Bailey and Barab{\'a}si, A-L and Hausmann, Ricardo},
  journal={Science},
  volume={317},
  number={5837},
  pages={482--487},
  year={2007},
  publisher={American Association for the Advancement of Science}
}



@inproceedings{raimbault:halshs-02351722,
  TITLE = {{A multi-scalar model for system of cities}},
  AUTHOR = {Raimbault, Juste},
  URL = {https://halshs.archives-ouvertes.fr/halshs-02351722},
  BOOKTITLE = {{Conference on Complex Systems 2019}},
  ADDRESS = {Singapore, Singapore},
  YEAR = {2019},
  MONTH = Sep,
  KEYWORDS = {COM ; PARIS team},
  HAL_ID = {halshs-02351722},
  HAL_VERSION = {v1},
}


@article{bergeaud2017classifying,
  title={Classifying patents based on their semantic content},
  author={Bergeaud, Antonin and Potiron, Yoann and Raimbault, Juste},
  journal={PloS one},
  volume={12},
  number={4},
  pages={e0176310},
  year={2017},
  publisher={Public Library of Science}
}


@ARTICLE{2020arXiv200510007R,
       author = {{Raimbault}, Juste and {Denis}, Eric and {Pumain}, Denise},
        title = "{Empowering Urban Governance through Urban Science: Multi-scale Dynamics of Urban Systems Worldwide}",
      journal = {Sustainability},
     keywords = {Physics - Physics and Society, Computer Science - Computers and Society, Computer Science - Multiagent Systems},
         year = 2020,
        month = may,
          eid = {arXiv:2005.10007},
        pages = {arXiv:2005.10007},
archivePrefix = {arXiv},
       eprint = {2005.10007},
 primaryClass = {physics.soc-ph},
       adsurl = {https://ui.adsabs.harvard.edu/abs/2020arXiv200510007R},
      adsnote = {Provided by the SAO/NASA Astrophysics Data System}
}


@article{reuillon2013openmole,
  title={OpenMOLE, a workflow engine specifically tailored for the distributed exploration of simulation models},
  author={Reuillon, Romain and Leclaire, Mathieu and Rey-Coyrehourcq, Sebastien},
  journal={Future Generation Computer Systems},
  volume={29},
  number={8},
  pages={1981--1990},
  year={2013},
  publisher={Elsevier}
}


@incollection{raimbault2020unveiling,
  title={Unveiling co-evolutionary patterns in systems of cities: a systematic exploration of the SimpopNet model},
  author={Raimbault, Juste},
  booktitle={Theories and Models of Urbanization},
  pages={261--278},
  year={2020},
  publisher={Springer}
}



@book{fotheringham1989spatial,
  title={Spatial interaction models: formulations and applications},
  author={Fotheringham, A Stewart and O'Kelly, Morton E},
  volume={1},
  year={1989},
  publisher={Kluwer Academic Publishers Dordrecht}
}



@article{favaro2011gibrat,
  title={Gibrat Revisited: An Urban Growth Model Incorporating Spatial Interaction and Innovation Cycles},
  author={Favaro, Jean-Marc and Pumain, Denise},
  journal={Geographical Analysis},
  volume={43},
  number={3},
  pages={261--286},
  year={2011},
  publisher={Wiley Online Library}
}




@article{pumain2006evolutionary,
  title={An evolutionary theory for interpreting urban scaling laws},
  author={Pumain, Denise and Paulus, Fabien and Vacchiani-Marcuzzo, C{\'e}line and Lobo, Jos{\'e}},
  journal={Cybergeo: European Journal of Geography},
  year={2006},
  publisher={CNRS-UMR G{\'e}ographie-cit{\'e}s 8504}
}


@article{hagerstrand1968innovation,
  title={Innovation diffusion as a spatial process.},
  author={Hagerstrand, Torsten and others},
  journal={Innovation diffusion as a spatial process.},
  year={1968},
  publisher={Chicago, USA: Univ. Chicago Press.}
}


@article{zenobia2009artificial,
  title={Artificial markets: A review and assessment of a new venue for innovation research},
  author={Zenobia, Brent and Weber, Charles and Daim, Tugrul},
  journal={Technovation},
  volume={29},
  number={5},
  pages={338--350},
  year={2009},
  publisher={Elsevier}
}


@article{bedau2000open,
  title={Open problems in artificial life},
  author={Bedau, Mark A and McCaskill, John S and Packard, Norman H and Rasmussen, Steen and Adami, Chris and Green, David G and Ikegami, Takashi and Kaneko, Kunihiko and Ray, Thomas S},
  journal={Artificial life},
  volume={6},
  number={4},
  pages={363--376},
  year={2000},
  publisher={MIT Press}
}



@article{batty2009centenary,
  title={Centenary paper: The evolution of cities: Geddes, Abercrombie and the new physicalism},
  author={Batty, Michael and Marshall, Stephen},
  journal={Town Planning Review},
  volume={80},
  number={6},
  pages={551--574},
  year={2009},
  publisher={Liverpool University Press},
  file={Biblio/DomainSpecific/UrbanDesign/40541539.pdf}
}



@misc{raimbault2020cities,
    title={Cities as they could be: Artificial Life and Urban Systems},
    author={Juste Raimbault},
    year={2020},
    eprint={2002.12926},
    archivePrefix={arXiv},
    primaryClass={cs.CY}
}


@incollection{pumain2018evolutionary,
  title={An evolutionary theory of urban systems},
  author={Pumain, Denise},
  booktitle={International and transnational perspectives on urban systems},
  pages={3--18},
  year={2018},
  publisher={Springer}
}