

@article{d2019new,
  title={New type of cities for liveable futures},
  author={d'Acci, Luca},
  journal={Journal of environmental management},
  volume={246},
  pages={128--140},
  year={2019},
  file={Docs/New-type-of-cities-for-liveable-futures.-Isobenefit-Urbanism-morphogenesis.pdf}
}


