


@misc{batty2018digital,
  title={Digital twins},
  author={Batty, Michael},
  year={2018},
  publisher={SAGE Publications Sage UK: London, England}
}

@article{bourgine2004autopoiesis,
  title={Autopoiesis and cognition},
  author={Bourgine, Paul and Stewart, John},
  journal={Artificial life},
  volume={10},
  number={3},
  pages={327--345},
  year={2004},
  publisher={MIT Press}
}


@article{taylor2017art,
  title={The art of imitating life: The potential contribution of biomimicry in shaping the future of our cities},
  author={Taylor Buck, Nick},
  journal={Environment and Planning B: Urban Analytics and City Science},
  volume={44},
  number={1},
  pages={120--140},
  year={2017},
  publisher={SAGE Publications Sage UK: London, England}
}

@article{raimbault2020empowering,
  title={Empowering Urban Governance through Urban Science: Multi-Scale Dynamics of Urban Systems Worldwide},
  author={Raimbault, Juste and Denis, Eric and Pumain, Denise},
  journal={Sustainability},
  volume={12},
  number={15},
  pages={5954},
  year={2020},
  publisher={Multidisciplinary Digital Publishing Institute}
}


@article{raimbault2021strong,
  title={Strong coupling between scales in a multi-scalar model of urban dynamics},
  author={Raimbault, Juste},
  journal={arXiv preprint arXiv:2101.12725},
  year={2021}
}


@article{rozenblat2018conclusion,
  title={Conclusion: Toward a methodology for multi-scalar urban system policies},
  author={Rozenblat, Celine and Pumain, Denise},
  journal={International and Transnational Perspectives on Urban Systems},
  pages={385},
  year={2018},
  publisher={Springer}
}


@inproceedings{le2015modeling,
  title={Modeling the emergence of metropolitan transport autorithy in a polycentric urban region},
  author={Le N{\'e}chet, Florent and Raimbault, Juste},
  booktitle={European Colloqueum on Theoretical and Quantitative Geography},
  year={2015}
}


@article{raimbault2020hierarchy,
  title={Hierarchy and co-evolution processes in urban systems},
  author={Raimbault, Juste},
  journal={arXiv preprint arXiv:2001.11989},
  year={2020}
}

@article{raimbault2018modeling,
  title={Modeling the co-evolution of cities and networks},
  author={Raimbault, Juste},
  journal={arXiv preprint arXiv:1804.09430},
  year={2018}
}

@book{durham1991coevolution,
  title={Coevolution: Genes, culture, and human diversity},
  author={Durham, William H},
  year={1991},
  publisher={Stanford University Press}
}


@article{favaro2011gibrat,
  title={Gibrat Revisited: An Urban Growth Model Incorporating Spatial Interaction and Innovation Cycles. 再评吉尔布瑞特: 顾及空间相互作用和创新周期的城市增长模型},
  author={Favaro, Jean-Marc and Pumain, Denise},
  journal={Geographical Analysis},
  volume={43},
  number={3},
  pages={261--286},
  year={2011},
  publisher={Wiley Online Library}
}

@book{pumain2017urban,
  title={Urban dynamics and simulation models},
  author={Pumain, Denise and Reuillon, Romain},
  year={2017},
  publisher={Springer}
}

@article{pumain1997pour,
  title={Pour une th{\'e}orie {\'e}volutive des villes},
  author={Pumain, Denise},
  journal={L'Espace g{\'e}ographique},
  pages={119--134},
  year={1997},
  publisher={JSTOR}
}


@article{pumain2019complexity,
  title={Complexity in geography},
  author={Pumain, Denise},
  journal={Geographical Modeling: Cities and Territories},
  volume={2},
  pages={1--30},
  year={2019},
  publisher={Wiley Online Library}
}

@article{mesoudi2016cultural,
  title={Cultural evolution: a review of theory, findings and controversies},
  author={Mesoudi, Alex},
  journal={Evolutionary biology},
  volume={43},
  number={4},
  pages={481--497},
  year={2016},
  publisher={Springer}
}


@book{holland2012signals,
  title={Signals and boundaries: Building blocks for complex adaptive systems},
  author={Holland, John H},
  year={2012},
  publisher={Mit Press}
}

@incollection{raimbault2019urban,
  title={An urban morphogenesis model capturing interactions between networks and territories},
  author={Raimbault, Juste},
  booktitle={The mathematics of urban morphology},
  pages={383--409},
  year={2019},
  publisher={Springer}
}


@article{raimbault2018calibration,
  title={Calibration of a density-based model of urban morphogenesis},
  author={Raimbault, Juste},
  journal={PloS one},
  volume={13},
  number={9},
  pages={e0203516},
  year={2018},
  publisher={Public Library of Science San Francisco, CA USA}
}


@inproceedings{raimbault2017identification,
  title={Identification de causalit{\'e}s dans des donn{\'e}es spatio-temporelles},
  author={Raimbault, Juste},
  booktitle={Spatial Analysis and GEOmatics 2017},
  year={2017}
}

@phdthesis{raimbault2018caracterisation,
  title={Caract{\'e}risation et mod{\'e}lisation de la co-{\'e}volution des r{\'e}seaux de transport et des territoires},
  author={Raimbault, Juste},
  year={2018},
  school={Universit{\'e} Paris 7 Denis Diderot}
}

@article{chertow2007uncovering,
  title={“Uncovering” industrial symbiosis},
  author={Chertow, Marian R},
  journal={Journal of industrial Ecology},
  volume={11},
  number={1},
  pages={11--30},
  year={2007},
  publisher={Wiley Online Library}
}

@inproceedings{raimbault2014hybrid,
  title={A Hybrid Network/Grid Model of Urban Morphogenesis and Optimization},
  author={Raimbault, Juste and Banos, Arnaud and Doursat, Ren{\'e}},
  booktitle={4th International Conference on Complex Systems and Applications},
  pages={51--60},
  year={2014}
}


@article{batty2009centenary,
  title={Centenary paper: The evolution of cities: Geddes, Abercrombie and the new physicalism},
  author={Batty, Michael and Marshall, Stephen},
  journal={Town Planning Review},
  volume={80},
  number={6},
  pages={551--575},
  year={2009}
}

@article{sjoberg1965origin,
  title={The origin and evolution of cities},
  author={Sjoberg, Gideon},
  journal={Scientific American},
  volume={213},
  number={3},
  pages={54--62},
  year={1965},
  publisher={JSTOR}
}

@incollection{pumain2020conclusion,
  title={Conclusion: Perspectives on urban theories},
  author={Pumain, Denise and Raimbault, Juste},
  booktitle={Theories and Models of Urbanization},
  pages={303--330},
  year={2020},
  publisher={Springer}
}


@article{seth2010measuring,
  title={Measuring autonomy and emergence via Granger causality},
  author={Seth, Anil K},
  journal={Artificial life},
  volume={16},
  number={2},
  pages={179--196},
  year={2010},
  publisher={MIT Press}
}

@article{wong2021integrated,
  title={An integrated multiscale urban microclimate model for the urban thermal environment},
  author={Wong, Nyuk Hien and He, Yueer and Nguyen, Ngoc Son and Raghavan, Srivatsan V and Martin, Miguel and Hii, Daniel Jun Chung and Yu, Zhongqi and Deng, Jiyu},
  journal={Urban Climate},
  volume={35},
  pages={100730},
  year={2021},
  publisher={Elsevier}
}

@article{murcio2015urban,
  title={Urban transfer entropy across scales},
  author={Murcio, Roberto and Morphet, Robin and Gershenson, Carlos and Batty, Michael},
  journal={PLoS One},
  volume={10},
  number={7},
  pages={e0133780},
  year={2015},
  publisher={Public Library of Science San Francisco, CA USA}
}


@article{torrens2012polyspatial,
  title={Polyspatial agents for multi-Scale urban simulation and regional policy analysis},
  author={Torrens, Paul M and Nara, Atsushi},
  journal={Regional Science Policy \& Practice},
  volume={4},
  number={4},
  pages={419--445},
  year={2012},
  publisher={Wiley Online Library}
}

@article{lim2017multi,
  title={Multi-scale urban system modeling for sustainable planning and design},
  author={Lim, Tian Kuay and Ignatius, Marcel and Miguel, Martin and Wong, Nyuk Hien and Juang, Hann-Ming Henry},
  journal={Energy and Buildings},
  volume={157},
  pages={78--91},
  year={2017},
  publisher={Elsevier}
}

@article{batty2005agents,
  title={Agents, cells, and cities: new representational models for simulating multiscale urban dynamics},
  author={Batty, Michael},
  journal={Environment and Planning A},
  volume={37},
  number={8},
  pages={1373--1394},
  year={2005},
  publisher={SAGE Publications Sage UK: London, England}
}


@article{zheng2017decision,
  title={Decision support for sustainable urban renewal: A multi-scale model},
  author={Zheng, Wei and Shen, Geoffrey Qiping and Wang, Hao and Hong, Jingke and Li, Zhengdao},
  journal={Land Use Policy},
  volume={69},
  pages={361--371},
  year={2017},
  publisher={Elsevier}
}


@article{cheng2003modelling,
  title={Modelling urban growth patterns: a multiscale perspective},
  author={Cheng, Jianquan and Masser, Ian},
  journal={Environment and Planning A},
  volume={35},
  number={4},
  pages={679--704},
  year={2003},
  publisher={SAGE Publications Sage UK: London, England}
}

@article{raimbault2020cities,
  title={Cities as they could be: Artificial Life and Urban Systems},
  author={Raimbault, Juste},
  journal={arXiv preprint arXiv:2002.12926},
  year={2020}
}

@inproceedings{raimbault2018multi,
  title={Multi-modeling the morphogenesis of transportation networks},
  author={Raimbault, Juste},
  booktitle={Artificial Life Conference Proceedings},
  pages={382--383},
  year={2018},
  organization={MIT Press}
}


@inproceedings{raimbault2020model,
  title={A model of urban evolution based on innovation diffusion},
  author={Raimbault, Juste},
  booktitle={Artificial Life Conference Proceedings},
  pages={500--508},
  year={2020},
  organization={MIT Press}
}


@article{yoshioka2017macroscopic,
  title={Macroscopic fundamental diagram in simple model of urban traffic},
  author={Yoshioka, Naoki and Shimada, Takashi and Ito, Nobuyasu},
  journal={Artificial Life and Robotics},
  volume={22},
  number={2},
  pages={217--221},
  year={2017},
  publisher={Springer}
}


@inproceedings{raimbault2019generating,
  title={Generating urban morphologies at large scales},
  author={Raimbault, Juste and Perret, Julien},
  booktitle={Artificial Life Conference Proceedings},
  pages={179--186},
  year={2019},
  organization={MIT Press}
}


@article{gershenson2013living,
  title={Living in living cities},
  author={Gershenson, Carlos},
  journal={Artificial life},
  volume={19},
  number={3\_4},
  pages={401--420},
  year={2013},
  publisher={MIT Press}
}

@article{goldstein2000cities,
  title={Do cities learn from getting burned},
  author={Goldstein, Noah C},
  journal={Artificial Life},
  volume={7},
  year={2000}
}

@article{chen2010modeling,
  title={Modeling fractal structure of systems of cities using spatial correlation function},
  author={Chen, Yanguang and Jiang, Shiguo},
  journal={International Journal of Artificial Life Research (IJALR)},
  volume={1},
  number={1},
  pages={12--34},
  year={2010},
  publisher={IGI Global}
}

@inproceedings{youn2018scaling,
  title={Scaling in Physics, Biology, Cities and Beyond},
  author={Youn, Hyejin},
  booktitle={Artificial Life Conference Proceedings},
  pages={6--6},
  year={2018},
  organization={MIT Press}
}

