@article{pumain2018evolutionary,
  title={An evolutionary theory of urban systems},
  author={Pumain, Denise},
  journal={International and transnational perspectives on urban systems},
  pages={3--18},
  year={2018},
  publisher={Springer}
}


@article{sanders1997simpop,
  title={SIMPOP: a multiagent system for the study of urbanism},
  author={Sanders, Lena and Pumain, Denise and Mathian, H{\'e}lene and Gu{\'e}rin-Pace, France and Bura, Stephane},
  journal={Environment and Planning B: Planning and design},
  volume={24},
  number={2},
  pages={287--305},
  year={1997},
  publisher={SAGE Publications Sage UK: London, England}
}


@phdthesis{schmitt2014modelisation,
  title={Mod{\'e}lisation de la dynamique des syst{\`e}mes de peuplement: de SimpopLocal {\`a} SimpopNet},
  author={Schmitt, Clara},
  year={2014},
  school={Universit{\'e} Panth{\'e}on-Sorbonne-Paris I}
}


@article{raimbault2020empowering,
  title={Empowering urban governance through urban science: Multi-scale dynamics of urban systems worldwide},
  author={Raimbault, Juste and Denis, Eric and Pumain, Denise},
  journal={Sustainability},
  volume={12},
  number={15},
  pages={5954},
  year={2020},
  publisher={MDPI}
}


@article{raimbault2022trade,
  title={Trade-offs between sustainable development goals in systems of cities},
  author={Raimbault, Juste and Pumain, Denise},
  journal={Journal of Urban Management},
  volume={11},
  number={2},
  pages={237--245},
  year={2022},
  publisher={Elsevier}
}


@article{raimbault2021introducing,
  title={Introducing endogenous transport provision in a LUTI model to explore polycentric governance systems},
  author={Raimbault, Juste and Le N{\'e}chet, Florent},
  journal={Journal of Transport Geography},
  volume={94},
  pages={103115},
  year={2021},
  publisher={Elsevier}
}


@article{raimbault2020hierarchy,
  title={Hierarchy and co-evolution processes in urban systems},
  author={Raimbault, Juste},
  journal={arXiv preprint arXiv:2001.11989},
  year={2020}
}


@article{rozenblat2018conclusion,
  title={Conclusion: Toward a methodology for multi-scalar urban system policies},
  author={Rozenblat, Celine and Pumain, Denise},
  journal={International and Transnational Perspectives on Urban Systems},
  volume={385},
  year={2018},
  publisher={Springer}
}


@article{raimbault2021strong,
  title={Strong coupling between scales in a multi-scalar model of urban dynamics},
  author={Raimbault, Juste},
  journal={arXiv preprint arXiv:2101.12725},
  year={2021}
}

@article{raimbault2018calibration,
  title={Calibration of a density-based model of urban morphogenesis},
  author={Raimbault, Juste},
  journal={PloS one},
  volume={13},
  number={9},
  pages={e0203516},
  year={2018},
  publisher={Public Library of Science San Francisco, CA USA}
}

@article{raimbault2020indirect,
  title={Indirect evidence of network effects in a system of cities},
  author={Raimbault, Juste},
  journal={Environment and Planning B: Urban Analytics and City Science},
  volume={47},
  number={1},
  pages={138--155},
  year={2020},
  publisher={SAGE Publications Sage UK: London, England}
}

@inproceedings{raimbault2023innovation,
  title={Innovation dynamics in multi-scalar systems of cities},
  author={Raimbault, Juste and Pumain, Denise},
  booktitle={ALIFE 2023: Ghost in the Machine: Proceedings of the 2023 Artificial Life Conference},
  year={2023},
  organization={MIT Press}
}


@inproceedings{raimbault2022innovation,
  title={Innovation and informal knowledge exchanges between firms},
  author={Raimbault, Juste},
  booktitle={Artificial Life Conference Proceedings 34},
  volume={2022},
  number={1},
  pages={79},
  year={2022},
  organization={MIT Press One Rogers Street, Cambridge, MA 02142-1209, USA journals-info~…}
}


@inproceedings{raimbault2020model,
  title={A model of urban evolution based on innovation diffusion},
  author={Raimbault, Juste},
  booktitle={Artificial Life Conference Proceedings 32},
  pages={500--508},
  year={2020},
  organization={MIT Press One Rogers Street, Cambridge, MA 02142-1209, USA journals-info~…}
}



@article{rosas2020reconciling,
  title={Reconciling emergences: An information-theoretic approach to identify causal emergence in multivariate data},
  author={Rosas, Fernando E and Mediano, Pedro AM and Jensen, Henrik J and Seth, Anil K and Barrett, Adam B and Carhart-Harris, Robin L and Bor, Daniel},
  journal={PLoS computational biology},
  volume={16},
  number={12},
  pages={e1008289},
  year={2020},
  publisher={Public Library of Science San Francisco, CA USA}
}


@article{reuillon2013openmole,
  title={OpenMOLE, a workflow engine specifically tailored for the distributed exploration of simulation models},
  author={Reuillon, Romain and Leclaire, Mathieu and Rey-Coyrehourcq, Sebastien},
  journal={Future Generation Computer Systems},
  volume={29},
  number={8},
  pages={1981--1990},
  year={2013},
  publisher={Elsevier}
}


@article{raimbault2019space,
  title={Space Matters: Extending Sensitivity Analysis to Initial Spatial Conditions in Geosimulation Models},
  author={Raimbault, J and Cottineau, C and Le Texier, M and Le Nechet, F and Reuillon, R},
  journal={Journal of Artificial Societies and Social Simulation},
  volume={22},
  number={4},
  year={2019},
  publisher={JASSS}
}



@article{bedau2002downward,
  title={Downward causation and the autonomy of weak emergence},
  author={Bedau, Mark},
  journal={Principia: an international journal of epistemology},
  volume={6},
  number={1},
  pages={5--50},
  year={2002},
  publisher={Universidade Federal de Santa Catarina (UFSC)}
}

@article{pumain2003approche,
  title={Une approche de la complexit{\'e} en g{\'e}ographie},
  author={Pumain, Denise},
  journal={G{\'e}ocarrefour},
  volume={78},
  number={1},
  pages={25--31},
  year={2003},
  publisher={Association des amis de la Revue de G{\'e}ographie de Lyon}
}

@article{raimbault2020relating,
  title={Relating complexities for the reflexive study of complex systems},
  author={Raimbault, Juste},
  journal={Theories and Models of Urbanization: Geography, Economics and Computing Sciences},
  pages={27--41},
  year={2020},
  publisher={Springer}
}

