


@article{niu2016global,
  title={Global research on artificial intelligence from 1990--2014: Spatially-explicit bibliometric analysis},
  author={Niu, Jiqiang and Tang, Wenwu and Xu, Feng and Zhou, Xiaoyan and Song, Yanan},
  journal={ISPRS International Journal of Geo-Information},
  volume={5},
  number={5},
  pages={66},
  year={2016},
  publisher={Multidisciplinary Digital Publishing Institute}
}


@article{batty2009centenary,
  title={Centenary paper: The evolution of cities: Geddes, Abercrombie and the new physicalism},
  author={Batty, Michael and Marshall, Stephen},
  journal={Town Planning Review},
  volume={80},
  number={6},
  pages={551--574},
  year={2009},
  publisher={Liverpool University Press},
  file={Biblio/DomainSpecific/UrbanDesign/40541539.pdf}
}


@article{openshaw1995developing,
  title={Developing automated and smart spatial pattern exploration tools for geographical information systems applications},
  author={Openshaw, Stan},
  journal={Journal of the Royal Statistical Society: Series D (The Statistician)},
  volume={44},
  number={1},
  pages={3--16},
  year={1995},
  publisher={Wiley Online Library}
}


@inproceedings{kato2000modeling,
  title={Modeling virtual cities based on interaction between cells},
  author={Kato, Nobuko and Okuno, Tomoe and Suzuki, Rizu and Kanoh, Hitoshi},
  booktitle={Smc 2000 conference proceedings. 2000 ieee international conference on systems, man and cybernetics.'cybernetics evolving to systems, humans, organizations, and their complex interactions'(cat. no. 0},
  volume={1},
  pages={143--148},
  year={2000},
  organization={IEEE}
}

@inproceedings{kato1998alife,
  title={An alife approach to modeling virtual cities},
  author={Kato, Nobuko and Okuno, Tomoe and Okano, Aya and Kanoh, Hitoshi and Nishihara, Seiichi},
  booktitle={SMC'98 Conference Proceedings. 1998 IEEE International Conference on Systems, Man, and Cybernetics (Cat. No. 98CH36218)},
  volume={2},
  pages={1168--1173},
  year={1998},
  organization={IEEE},
  file={Biblio/DomainSpecific/ArtificialLife/00727864.pdf}
}


@article{kim2006comprehensive,
  title={A comprehensive overview of the applications of artificial life},
  author={Kim, Kyung-Joong and Cho, Sung-Bae},
  journal={Artificial Life},
  volume={12},
  number={1},
  pages={153--182},
  year={2006},
  publisher={MIT Press}
}

@inproceedings{white1989artificial,
  title={The artificial intelligence of urban dynamics: Neural network modeling of urban structure},
  author={White, Roger W},
  booktitle={Papers of the Regional Science Association},
  volume={67},
  number={1},
  pages={43--53},
  year={1989},
  organization={Springer}
}


@article{olsen1982urban,
  title={Urban metabolism and morphogenesis},
  author={Olsen, Sherry},
  journal={Urban Geography},
  volume={3},
  number={2},
  pages={87--109},
  year={1982},
  publisher={Taylor \& Francis}
}


@incollection{medda2009morphogenetic,
  title={A Morphogenetic Perspective on Spatial Complexity},
  author={Medda, Francesca and Nijkamp, Peter and Rietveld, Piet},
  booktitle={Complexity and spatial networks},
  pages={51--60},
  year={2009},
  publisher={Springer}
}


@article{torrens2003automata,
  title={Automata-based models of urban systems},
  author={Torrens, Paul M},
  journal={Advanced spatial analysis},
  pages={61--79},
  year={2003}
}


@article{wu2010artificial,
  title={Artificial intelligence solutions for urban land dynamics: a review},
  author={Wu, Ning and Silva, Elisabete A},
  journal={Journal of Planning Literature},
  volume={24},
  number={3},
  pages={246--265},
  year={2010},
  publisher={SAGE Publications Sage CA: Los Angeles, CA}
}


@inproceedings{pattee1995artificial,
  title={Artificial life needs a real epistemology},
  author={Pattee, Howard H},
  booktitle={European Conference on Artificial Life},
  pages={21--38},
  year={1995},
  organization={Springer},
  file={Biblio/DomainSpecific/ArtificialLife/pattee1995a_artificial_life_epist.pdf}
}


