


@book{haken2006information,
  title={Information and self-organization: A macroscopic approach to complex systems},
  author={Haken, Hermann},
  year={2006},
  publisher={Springer Science \& Business Media}
}

@article{lang2019reinvestigating,
  title={Reinvestigating Chinaâ€™s urbanization through the lens of allometric scaling},
  author={Lang, Wei and Long, Ying and Chen, Tingting and Li, Xun},
  journal={Physica A: Statistical Mechanics and its Applications},
  volume={525},
  pages={1429--1439},
  year={2019},
  publisher={Elsevier}
}

@article{chen2009analytical,
  title={An analytical process of the spatio-temporal evolution of urban systems based on allometric and fractal ideas},
  author={Chen, Yanguang and Jiang, Shiguo},
  journal={Chaos, Solitons \& Fractals},
  volume={39},
  number={1},
  pages={49--64},
  year={2009},
  publisher={Elsevier}
}


@techreport{schamp2010notion,
  title={On the notion of co-evolution in economic geography},
  author={Schamp, Eike W},
  year={2010},
  institution={Edward Elgar Publishing}
}


@article{raimbault2020spatial,
  title={A spatial agent based model for simulating and optimizing networked eco-industrial systems},
  author={Raimbault, Juste and Broere, Joris and Somveille, Marius and Serna, Jesus Mario and Strombom, Evelyn and Moore, Christine and Zhu, Ben and Sugar, Lorraine},
  journal={Resources, Conservation and Recycling},
  volume={155},
  pages={104538},
  year={2020},
  publisher={Elsevier}
}

@incollection{pumain2020conclusion,
  title={Conclusion: Perspectives on urban theories},
  author={Pumain, Denise and Raimbault, Juste},
  booktitle={Theories and Models of Urbanization},
  pages={303--330},
  year={2020},
  publisher={Springer}
}

@article{livet2010ontology,
  title={Ontology, a mediator for agent-based modeling in social science},
  author={Livet, Pierre and M{\"u}ller, Jean Pierre and Phan, Denis and Sanders, Lena and Auatabu, Titeem},
  year={2010}
}

@article{lobo2020urban,
  title={Urban science: Integrated theory from the first cities to sustainable metropolises},
  author={Lobo, Jos{\'e} and Alberti, Marina and Allen-Dumas, Melissa and Arcaute, Elsa and Barthelemy, Marc and Bojorquez Tapia, Luis A and Brail, Shauna and Bettencourt, Luis and Beukes, Anni and Chen, Wei-Qiang and others},
  year={2020}
}

@book{batty2013new,
  title={The new science of cities},
  author={Batty, Michael},
  year={2013},
  publisher={MIT press}
}

@article{pumain2003approche,
  title={Une approche de la complexit{\'e} en g{\'e}ographie},
  author={Pumain, Denise},
  journal={G{\'e}ocarrefour},
  volume={78},
  number={1},
  pages={25--31},
  year={2003},
  publisher={Association des amis de la Revue de G{\'e}ographie de Lyon}
}


@article{raimbault2017identification,
  title={Identification of causalities in spatio-temporal data},
  author={Raimbault, Juste},
  journal={SAGEO 2017 Proceedings. arXiv preprint arXiv:1709.08684},
  year={2017}
}

@incollection{raimbault2019urban,
  title={An urban morphogenesis model capturing interactions between networks and territories},
  author={Raimbault, Juste},
  booktitle={The mathematics of urban morphology},
  pages={383--409},
  year={2019},
  publisher={Springer}
}

@inproceedings{raimbault2018multi,
  title={Multi-modeling the morphogenesis of transportation networks},
  author={Raimbault, Juste},
  booktitle={Artificial Life Conference Proceedings},
  pages={382--383},
  year={2018},
  organization={MIT Press}
}


@inproceedings{le2015modeling,
  title={Modeling the emergence of metropolitan transport authority in a polycentric urban region},
  author={Le N{\'e}chet, Florent and Raimbault, Juste},
  booktitle={ECTQG 2015},
  year={2015}
}


@article{raimbault2019multi,
  title={Multi-dimensional Urban Network Percolation},
  author={Raimbault, Juste},
  journal={Journal of Interdisciplinary Methodologies and Issues in Science},
  year={2019}
}

@article{rozenblat2018conclusion,
  title={Conclusion: Toward a methodology for multi-scalar urban system policies},
  author={Rozenblat, Celine and Pumain, Denise},
  journal={International and Transnational Perspectives on Urban Systems},
  pages={385},
  year={2018},
  publisher={Springer}
}

@article{raimbault2020hierarchy,
  title={Hierarchy and co-evolution processes in urban systems},
  author={Raimbault, Juste},
  journal={arXiv preprint arXiv:2001.11989. Forthcoming in Fen-Chong, J. ed. Centralit{\'e}s et hi{\'e}rarchies des r{\'e}seaux et des territoires, ISTE Editions.},
  year={2020}
}

@article{raimbault2018modeling,
  title={Modeling the co-evolution of cities and networks},
  author={Raimbault, Juste},
  journal={In Niel, Z., Rozenblat, C., eds. Handbook of Cities and Network, Edwar Elgar Publishing, in press},
  year={2018}
}

@article{raimbault2020indirect,
  title={Indirect evidence of network effects in a system of cities},
  author={Raimbault, Juste},
  journal={Environment and Planning B: Urban Analytics and City Science},
  volume={47},
  number={1},
  pages={138--155},
  year={2020},
  publisher={SAGE Publications Sage UK: London, England}
}


@article{raimbault2017identification,
  title={Identification of causalities in spatio-temporal data},
  author={Raimbault, Juste},
  journal={arXiv preprint arXiv:1709.08684},
  year={2017}
}

@article{tero2010rules,
  title={Rules for biologically inspired adaptive network design},
  author={Tero, Atsushi and Takagi, Seiji and Saigusa, Tetsu and Ito, Kentaro and Bebber, Dan P and Fricker, Mark D and Yumiki, Kenji and Kobayashi, Ryo and Nakagaki, Toshiyuki},
  journal={Science},
  volume={327},
  number={5964},
  pages={439--442},
  year={2010},
  publisher={American Association for the Advancement of Science}
}

@article{louf2013emergence,
  title={Emergence of hierarchy in cost-driven growth of spatial networks},
  author={Louf, R{\'e}mi and Jensen, Pablo and Barthelemy, Marc},
  journal={Proceedings of the National Academy of Sciences},
  volume={110},
  number={22},
  pages={8824--8829},
  year={2013},
  publisher={National Acad Sciences}
}


@inproceedings{raimbault2014hybrid,
  title={A Hybrid Network/Grid Model of Urban Morphogenesis and Optimization},
  author={Raimbault, Juste and Banos, Arnaud and Doursat, Ren{\'e}},
  booktitle={4th International Conference on Complex Systems and Applications},
  pages={51--60},
  year={2014}
}

@inproceedings{raimbault2019generating,
  title={Generating urban morphologies at large scales},
  author={Raimbault, Juste and Perret, Julien},
  booktitle={Artificial Life Conference Proceedings},
  pages={179--186},
  year={2019},
  organization={MIT Press}
}

@article{raimbault2019second,
  title={Second-order control of complex systems with correlated synthetic data},
  author={Raimbault, Juste},
  journal={Complex Adaptive Systems Modeling},
  volume={7},
  number={1},
  pages={1--19},
  year={2019},
  publisher={SpringerOpen}
}

@article{raimbault2019space,
  title={Space Matters: Extending Sensitivity Analysis to Initial Spatial Conditions in Geosimulation Models},
  author={Raimbault, J and Cottineau, C and Le Texier, M and Le Nechet, F and Reuillon, R},
  journal={Journal of Artificial Societies and Social Simulation},
  volume={22},
  number={4},
  year={2019},
  publisher={JASSS}
}

@article{cottineau2015modular,
  title={A modular modelling framework for hypotheses testing in the simulation of urbanisation},
  author={Cottineau, Cl{\'e}mentine and Reuillon, Romain and Chapron, Paul and Rey-Coyrehourcq, S{\'e}bastien and Pumain, Denise},
  journal={Systems},
  volume={3},
  number={4},
  pages={348--377},
  year={2015},
  publisher={Multidisciplinary Digital Publishing Institute}
}


@article{raimbault2019modeling,
  title={Modeling interactions between transportation networks and territories: a co-evolution approach},
  author={Raimbault, J.},
  journal={arXiv preprint arXiv:1902.04802},
  year={2019}
}

@article{bedau2002downward,
  title={Downward causation and the autonomy of weak emergence},
  author={Bedau, Mark},
  journal={Principia: an international journal of epistemology},
  volume={6},
  number={1},
  pages={5--50},
  year={2002}
}

@incollection{pumain2012urban,
  title={Urban systems dynamics, urban growth and scaling laws: The question of ergodicity},
  author={Pumain, Denise},
  booktitle={Complexity theories of cities have come of age},
  pages={91--103},
  year={2012},
  publisher={Springer}
}

@book{varenne2018theories,
  title={Th{\'e}ories et mod{\`e}les en sciences humaines: le cas de la g{\'e}ographie},
  author={Varenne, Franck},
  year={2018},
  publisher={{\'E}ditions Mat{\'e}riologiques}
}

@article{bretagnolle2006theory,
  title={From theory to modelling: urban systems as complex systems},
  author={Bretagnolle, Anne and Daud{\'e}, Eric and Pumain, Denise},
  journal={CyberGeo: European Journal of Geography},
  year={2006},
  publisher={CNRS-UMR G{\'e}ographie-cit{\'e}s 8504}
}

@article{raimbault2018calibration,
  title={Calibration of a density-based model of urban morphogenesis},
  author={Raimbault, Juste},
  journal={PloS one},
  volume={13},
  number={9},
  pages={e0203516},
  year={2018},
  publisher={Public Library of Science San Francisco, CA USA}
}



@inproceedings{dupuy1987vers,
  title={Vers une th{\'e}orie territoriale des r{\'e}seaux: une application au transport urbain},
  author={Dupuy, Gabriel},
  booktitle={Annales de g{\'e}ographie},
  pages={658--679},
  year={1987},
  organization={JSTOR}
}

@incollection{raimbault2020unveiling,
  title={Unveiling co-evolutionary patterns in systems of cities: a systematic exploration of the SimpopNet model},
  author={Raimbault, Juste},
  booktitle={Theories and Models of Urbanization},
  pages={261--278},
  year={2020},
  publisher={Springer}
}


@incollection{pumain2008socio,
  title={The socio-spatial dynamics of systems of cities and innovation processes: a multi-level model},
  author={Pumain, Denise},
  booktitle={The Dynamics of Complex Urban Systems},
  pages={373--389},
  year={2008},
  publisher={Springer}
}

@article{pumain1997pour,
  title={Pour une th{\'e}orie {\'e}volutive des villes},
  author={Pumain, Denise},
  journal={L'Espace g{\'e}ographique},
  pages={119--134},
  year={1997},
  publisher={JSTOR}
}


@incollection{pumain2012multi,
  title={Multi-agent system modelling for urban systems: The series of simpop models},
  author={Pumain, Denise},
  booktitle={Agent-based models of geographical systems},
  pages={721--738},
  year={2012},
  publisher={Springer}
}



@book{doursat2012morphogenetic,
  title={Morphogenetic engineering: toward programmable complex systems},
  author={Doursat, Ren{\'e} and Sayama, Hiroki and Michel, Olivier},
  year={2012},
  publisher={Springer}
}

@book{monod2014hasard,
  title={Le hasard et la n{\'e}cessit{\'e}. Essai sur la philosophie naturelle de la biologie moderne},
  author={Monod, Jacques},
  year={1970},
  publisher={Le Seuil}
}

@misc{walker2017re,
  title={Re-conceptualizing the origins of life},
  author={Walker, Sara I and Packard, N and Cody, GD},
  year={2017},
  publisher={The Royal Society Publishing}
}

@article{cronin2016beyond,
  title={Beyond prebiotic chemistry},
  author={Cronin, Leroy and Walker, Sara Imari},
  journal={Science},
  volume={352},
  number={6290},
  pages={1174--1175},
  year={2016},
  publisher={American Association for the Advancement of Science}
}

@inproceedings{raimbault2017applied,
  title={An Applied Knowledge Framework to Study Complex Systems},
  author={Raimbault, Juste},
  booktitle={Complex Systems Design \& Management},
  pages={31--45},
  year={2017}
}


@article{schmitt2015half,
  title={Half a billion simulations: Evolutionary algorithms and distributed computing for calibrating the SimpopLocal geographical model},
  author={Schmitt, Clara and Rey-Coyrehourcq, S{\'e}bastien and Reuillon, Romain and Pumain, Denise},
  journal={Environment and Planning B: Planning and Design},
  volume={42},
  number={2},
  pages={300--315},
  year={2015},
  publisher={SAGE Publications Sage UK: London, England}
}

@article{reuillon2015new,
  title={A new method to evaluate simulation models: the calibration profile (cp) algorithm},
  author={Reuillon, Romain and Schmitt, Clara and De Aldama, Ricardo and Mouret, Jean-Baptiste},
  journal={Journal of Artificial Societies and Social Simulation},
  volume={18},
  number={1},
  pages={12},
  year={2015}
}

@article{raimbault2019space,
  title={Space Matters: Extending Sensitivity Analysis to Initial Spatial Conditions in Geosimulation Models.},
  author={Raimbault, Juste and Cottineau, Cl{\'e}mentine and Le Texier, Marion and Le N{\'e}chet, Florent and Reuillon, Romain},
  journal={Journal of Artificial Societies \& Social Simulation},
  volume={22},
  number={4},
  year={2019}
}


@phdthesis{schmitt2014modelisation,
  title={Mod{\'e}lisation de la dynamique des syst{\`e}mes de peuplement: de SimpopLocal {\`a} SimpopNet},
  author={Schmitt, Clara},
  year={2014},
  school={Universit{\'e} Panth{\'e}on-Sorbonne-Paris I}
}


@article{sanders1997simpop,
  title={SIMPOP: a multiagent system for the study of urbanism},
  author={Sanders, Lena and Pumain, Denise and Mathian, H{\'e}l{\`e}ne and Gu{\'e}rin-Pace, France and Bura, St{\'e}phane},
  journal={Environment and Planning B: Planning and design},
  volume={24},
  number={2},
  pages={287--305},
  year={1997},
  publisher={SAGE Publications Sage UK: London, England}
}

@article{hidalgo2007product,
  title={The product space conditions the development of nations},
  author={Hidalgo, C{\'e}sar A and Klinger, Bailey and Barab{\'a}si, A-L and Hausmann, Ricardo},
  journal={Science},
  volume={317},
  number={5837},
  pages={482--487},
  year={2007},
  publisher={American Association for the Advancement of Science}
}



@inproceedings{raimbault:halshs-02351722,
  TITLE = {{A multi-scalar model for system of cities}},
  AUTHOR = {Raimbault, Juste},
  URL = {https://halshs.archives-ouvertes.fr/halshs-02351722},
  BOOKTITLE = {{Conference on Complex Systems 2019}},
  ADDRESS = {Singapore, Singapore},
  YEAR = {2019},
  MONTH = Sep,
  KEYWORDS = {COM ; PARIS team},
  HAL_ID = {halshs-02351722},
  HAL_VERSION = {v1},
}


@article{bergeaud2017classifying,
  title={Classifying patents based on their semantic content},
  author={Bergeaud, Antonin and Potiron, Yoann and Raimbault, Juste},
  journal={PloS one},
  volume={12},
  number={4},
  pages={e0176310},
  year={2017},
  publisher={Public Library of Science}
}


@ARTICLE{2020arXiv200510007R,
       author = {{Raimbault}, Juste and {Denis}, Eric and {Pumain}, Denise},
        title = "{Empowering Urban Governance through Urban Science: Multi-scale Dynamics of Urban Systems Worldwide}",
      journal = {Sustainability},
     keywords = {Physics - Physics and Society, Computer Science - Computers and Society, Computer Science - Multiagent Systems},
         year = 2020,
        month = may,
          eid = {arXiv:2005.10007},
        pages = {arXiv:2005.10007},
archivePrefix = {arXiv},
       eprint = {2005.10007},
 primaryClass = {physics.soc-ph},
       adsurl = {https://ui.adsabs.harvard.edu/abs/2020arXiv200510007R},
      adsnote = {Provided by the SAO/NASA Astrophysics Data System}
}


@article{reuillon2013openmole,
  title={OpenMOLE, a workflow engine specifically tailored for the distributed exploration of simulation models},
  author={Reuillon, Romain and Leclaire, Mathieu and Rey-Coyrehourcq, Sebastien},
  journal={Future Generation Computer Systems},
  volume={29},
  number={8},
  pages={1981--1990},
  year={2013},
  publisher={Elsevier}
}


@incollection{raimbault2020unveiling,
  title={Unveiling co-evolutionary patterns in systems of cities: a systematic exploration of the SimpopNet model},
  author={Raimbault, Juste},
  booktitle={Theories and Models of Urbanization},
  pages={261--278},
  year={2020},
  publisher={Springer}
}



@book{fotheringham1989spatial,
  title={Spatial interaction models: formulations and applications},
  author={Fotheringham, A Stewart and O'Kelly, Morton E},
  volume={1},
  year={1989},
  publisher={Kluwer Academic Publishers Dordrecht}
}



@article{favaro2011gibrat,
  title={Gibrat Revisited: An Urban Growth Model Incorporating Spatial Interaction and Innovation Cycles},
  author={Favaro, Jean-Marc and Pumain, Denise},
  journal={Geographical Analysis},
  volume={43},
  number={3},
  pages={261--286},
  year={2011},
  publisher={Wiley Online Library}
}




@article{pumain2006evolutionary,
  title={An evolutionary theory for interpreting urban scaling laws},
  author={Pumain, Denise and Paulus, Fabien and Vacchiani-Marcuzzo, C{\'e}line and Lobo, Jos{\'e}},
  journal={Cybergeo: European Journal of Geography},
  year={2006},
  publisher={CNRS-UMR G{\'e}ographie-cit{\'e}s 8504}
}


@article{hagerstrand1968innovation,
  title={Innovation diffusion as a spatial process.},
  author={Hagerstrand, Torsten and others},
  journal={Innovation diffusion as a spatial process.},
  year={1968},
  publisher={Chicago, USA: Univ. Chicago Press.}
}


@article{zenobia2009artificial,
  title={Artificial markets: A review and assessment of a new venue for innovation research},
  author={Zenobia, Brent and Weber, Charles and Daim, Tugrul},
  journal={Technovation},
  volume={29},
  number={5},
  pages={338--350},
  year={2009},
  publisher={Elsevier}
}


@article{bedau2000open,
  title={Open problems in artificial life},
  author={Bedau, Mark A and McCaskill, John S and Packard, Norman H and Rasmussen, Steen and Adami, Chris and Green, David G and Ikegami, Takashi and Kaneko, Kunihiko and Ray, Thomas S},
  journal={Artificial life},
  volume={6},
  number={4},
  pages={363--376},
  year={2000},
  publisher={MIT Press}
}



@article{batty2009centenary,
  title={Centenary paper: The evolution of cities: Geddes, Abercrombie and the new physicalism},
  author={Batty, Michael and Marshall, Stephen},
  journal={Town Planning Review},
  volume={80},
  number={6},
  pages={551--574},
  year={2009},
  publisher={Liverpool University Press},
  file={Biblio/DomainSpecific/UrbanDesign/40541539.pdf}
}



@misc{raimbault2020cities,
    title={Cities as they could be: Artificial Life and Urban Systems},
    author={Juste Raimbault},
    year={2020},
    eprint={2002.12926},
    archivePrefix={arXiv},
    primaryClass={cs.CY}
}


@incollection{pumain2018evolutionary,
  title={An evolutionary theory of urban systems},
  author={Pumain, Denise},
  booktitle={International and transnational perspectives on urban systems},
  pages={3--18},
  year={2018},
  publisher={Springer}
}